%% This BibTeX bibliography file was created using BibDesk.
%% http://bibdesk.sourceforge.net/
%% Created for Eric Kow at 2005-06-05 11:03:28 +0200 

@mastersthesis{kow04a,
	Author = {E. Kow},
	Crinnumber = {A04-R-572},
	School = {Universit{\'e} de Nancy I},
	Title = {Optimising a surface realiser},
	Year = {2004}}

@unpublished{kow05CGM,
	Author = {E. Kow and Y. Parmenti and C. Gardent},
	Date-Added = {2005-06-05 10:47:57 +0200},
	Date-Modified = {2005-06-05 11:03:18 +0200},
	Title = {A Common Grammar Manifesto },
	Url = {http://wiki.loria.fr/wiki/Common_grammar_manifesto},
	Year = {2005}}

@inproceedings{kow05a,
	Author = {E. Kow},
	Booktitle = {{17th European Summer School in Logic, Language and Information - ESSLLI'05, Edinburgh, UK}},
	Crinnumber = {A05-R-036},
	Keywords = {generation, surface realisation, optimisation, electrostatic},
	Month = {Aug},
	Title = {Adapting polarised disambiguation to surface realisation},
	Year = {2005}}
